<record><leader>00000cas a22000007a 4500</leader><controlfield tag="001">28492156</controlfield><controlfield tag="008">930723d187u188ucauwr ne      0    0eng d</controlfield><datafield ind1=" " ind2=" " tag="010"><subfield code="a">sn 93051524 </subfield></datafield><datafield ind1=" " ind2=" " tag="040"><subfield code="a">CUY</subfield><subfield code="b">eng</subfield><subfield code="c">CNK</subfield><subfield code="d">OCLCQ</subfield></datafield><datafield ind1=" " ind2=" " tag="042"><subfield code="a">msc</subfield></datafield><datafield ind1="0" ind2="0" tag="245"><subfield code="a">Solano weekly times.</subfield></datafield><datafield ind1=" " ind2=" " tag="260"><subfield code="a">Vallejo, Calif. :</subfield><subfield code="b">Times Pub. Co.</subfield></datafield><datafield ind1=" " ind2=" " tag="300"><subfield code="a">v.</subfield></datafield><datafield ind1=" " ind2=" " tag="310"><subfield code="a">Weekly</subfield></datafield><datafield ind1=" " ind2=" " tag="588"><subfield code="a">Description based on: Vol. 2, no. 10 (Mar. 24, 1877).</subfield></datafield><datafield ind1=" " ind2="4" tag="651"><subfield code="a">Solano County (Calif.)</subfield><subfield code="v">Newspapers.</subfield></datafield><datafield ind1=" " ind2=" " tag="752"><subfield code="a">United States</subfield><subfield code="b">California</subfield><subfield code="c">Solano</subfield><subfield code="d">Vallejo.</subfield></datafield><datafield ind1="0" ind2=" " tag="775"><subfield code="t">Solano daily times</subfield><subfield code="w">(DLC)sn 85025213</subfield></datafield><datafield ind1="1" ind2=" " tag="029"><subfield code="a">AU@</subfield><subfield code="b">000025894280</subfield></datafield></record>